1976 3246
241 152 307 188 132
954 155 1172 195 Conipositae.

540 267 628 310 (O
655 269 839 308 Appendix
873 269 1068 308 phyllorum
1105 269 1320 300 semiluuuta.
1357 279 1454 308 saepe
1488 270 1739 309 angustissima,
1774 269 1892 310 phylla

655 325 719 344 non
746 318 868 353 tegens.

657 391 663 398 .
691 366 871 406 Appendix
900 366 1094 405 phyllorunl
1121 366 1225 405 nigra.

809 422 872 456 48.
901 422 938 456 (¹.
967 421 1180 464 redempta
1208 423 1324 455 Heldr.

641 506 647 511 .
666 507 672 513 .
701 481 883 520 Appendix
912 480 1105 520 isti—illorum
1134 480 1261 520 pallida
1289 481 1342 510 vel
1369 482 1469 512 fusca.

703 543 709 564 t
736 532 829 562 Folia
857 533 1013 562 numm-a
1038 532 1308 572 bipinualiseeta.

242 593 306 628 49.
334 592 375 626 C.
403 588 757 625 subarachnoidea
784 590 885 627 (Bois.
913 593 943 619 et
970 589 1114 625 Heldr.).
1165 588 1227 623 50.
1255 588 1293 623 C,
1321 586 1582 630 psilacantha
1610 589 1699 619 Bois.
1719 592 1750 619 et
1774 589 1892 620 Heldr,

681 658 709 680 z:
737 647 832 677 Folia
859 647 1015 676 inf-›riora
1041 646 1262 686 pinuatisecta
1290 646 1344 676 vel
1370 646 1525 677 indivisa.

750 725 758 738 Ι
785 698 880 728 Folia
905 698 1023 736 laevia,
1050 698 1380 736 arachnoideo-cana,
1408 699 1586 737 segmentis
1610 697 1787 737 petiolatis.

842 754 903 789 51.
932 754 969 789 C.
997 763 1149 797 graeca
1175 755 1304 787 misal).

728 840 759 853 Ι,
786 813 880 843 Folia
919 813 1069 843 scabrida
1107 813 1289 853 puberula.
1335 813 1466 852 saepius
1505 812 1678 852 asperula,
1720 812 1896 852 segmentis

783 859 963 889 sessilibus.

800 929 852 943 .—
880 911 975 941 Folia
1010 912 1167 941 inferiora
1195 910 1543 950 lyrato-pinnatisecta
1575 910 1629 941 vel
1662 909 1895 950 pinnatisecta.

475 970 536 1004 52.
565 968 602 1003 C.
630 967 914 1011 Spruneriana
941 968 1090 999 Schultz.
1142 966 1205 1001 53,
1233 966 1270 1001 C,
1300 965 1551 1000 Guieeiardii
1578 967 1665 997 Bois.

832 1018 893 1053 54.
921 1017 960 1053 C.
988 1016 1181 1060 Halacsyi
1209 1019 1310 1049 Dorfl.

798 1087 852 1107 z:
878 1076 976 1106 Folia
1000 1077 1160 1106 inferiora
1184 1077 1328 1106 obovata
1353 1077 1479 1116 integra
1506 1075 1558 1106 vel
1586 1076 1651 1106 alia
1677 1075 1796 1115 lyram.

858 1133 919 1167 55.
949 1132 985 1167 C.
1013 1132 1145 1165 minor
1170 1134 1289 1164 Heldr.

452 1198 483 1236 β.
509 1194 622 1226 Caulis
648 1193 762 1223 nullus
789 1192 841 1222 vel
869 1191 990 1228 brevis,
1018 1191 1166 1230 capitula
1194 1191 1361 1222 radicalia.

246 1254 307 1289 56.
336 1254 374 1288 C.
403 1250 532 1286 mixta
558 1252 625 1282 DC.
676 1249 737 1283 57.
765 1248 804 1283 C.
832 1246 1020 1291 myconia
1047 1249 1134 1279 Bois
1154 1252 1183 1278 et
1213 1249 1298 1280 Sart.
1349 1246 1411 1281 58.
1438 1246 1479 1282 C.
1500 1245 1732 1290 raphanina
1757 1246 1789 1279 S.
1816 1250 1847 1277 et
1866 1246 1898 1277 S.

382 1311 415 1343 b.
440 1309 589 1340 Floseuli
614 1309 704 1339 flavi.

453 1374 486 1394 α.
513 1361 627 1392 Caulis
653 1360 788 1391 20-60
814 1369 875 1390 cm.
902 1359 1000 1390 altus.

557 1416 619 1451 59.
645 1415 684 1451 C.
711 1414 908 1449 Tuniasia
933 1416 1052 1447 Heldr.
1102 1414 1164 1449 60.
1191 1413 1230 1449 G.
1257 1413 1492 1448 salonitana
1518 1415 1587 1446 ViS.

454 1479 485 1517 β.
513 1476 626 1507 Cauiis
654 1476 741 1505 1—3
766 1484 828 1505 ein.
856 1474 952 1504 altus.

845 1530 906 1565 61.
935 1530 972 1565 C.
999 1529 1200 1573 ραι-1101113,
1227 1531 1305 1561 Hal.

362 1618 392 1648 4.
420 1615 537 1646 Sectio.
581 1611 813 1653 Calc-z'trapeae
850 1613 914 1643 DC.
943 1612 963 1644 1.
991 1623 1018 1644 e.
1053 1623 1084 1652 p.
1113 1612 1189 1644 59‘2.
1221 1628 1257 1633 —-
1286 1611 1469 1652 Appendix
1504 1610 1700 1650 phyllorum
1735 1610 1902 1641 involucri

247 1674 376 1702 cornea,
404 1661 531 1702 pallida
558 1661 610 1691 vel
637 1659 813 1691 fuseidula.
849 1669 913 1688 non
939 1659 1129 1697 decurrens,
1164 1658 1261 1698 spina
1286 1668 1383 1697 saepe
1408 1657 1569 1696 utrinque
1593 1656 1765 1697 spinulosa
1790 1657 1901 1687 termi-

247 1714 334 1748 nata,
361 1708 481 1749 phylla
506 1716 571 1737 non
598 1710 727 1745 tegens;
761 1705 898 1735 aeheniu
925 1715 1075 1744 papposa
1101 1704 1154 1735 vel
1180 1713 1359 1744 epapposa,
1387 1703 1457 1733 hilo
1482 1703 1582 1733 nudo.
1609 1721 1652 1725 —-
1679 1703 1822 1733 Annuae
1849 1702 1903 1733 vel

248 1757 396 1793 biennes,
423 1752 580 1793 capitulis
606 1751 840 1789 mediocribus,
866 1751 1011 1781 flosculis
1037 1751 1133 1781 flavis
1160 1750 1213 1780 vel
1240 1750 1430 1790 purpureis.

385 1816 414 1837 a.
441 1805 536 1835 Folia
562 1803 696 1834 caulina
720 1803 948 1840 decul·1·entia;
975 1802 1103 1832 flosculi
1129 1802 1218 1833 flavi.

456 1869 489 1889 α.
516 1855 664 1886 Flosculi
690 1854 911 1895 eglandulosi.

527 1913 589 1947 62.
618 1911 656 1946 C.
684 1909 920 1945 solstitialis
946 1912 982 1941 L.
1034 1909 1096 1944 63.
1124 1909 1163 1944 C.
1190 1908 1310 1942 idaea
1338 1910 1422 1941 Bois.
1450 1914 1481 1940 et
1506 1910 1625 1941 Heldr.

456 1975 486 2012 β.
512 1970 663 2001 Flosculi
687 1969 889 2009 glandulosi.

856 2025 917 2060 64.
946 2024 986 2060 C.
1014 2023 1241 2059 melitensis
1267 2026 1304 2056 L.

389 2087 420 2118 b.
446 2086 542 2117 Folia
567 2096 633 2116 non
659 2085 881 2115 decurrentia.

458 2150 490 2170 α.
518 2137 667 2168 Flosculi
693 2136 868 2177 purpurei.
1217 2176 1219 2178 Ι

615 2193 676 2228 65.
706 2192 744 2227 O.
772 2191 1004 2234 calcitrapa
1029 2192 1065 2222 L.
1117 2190 1179 2225 66.
1207 2190 1245 2226 C.
1273 2189 1428 2224 iberica
1453 2192 1552 2223 Trev.

460 2256 491 2293 β.
518 2251 665 2282 Flosculi
691 2251 842 2282 sulfurei.

832 2306 894 2341 67.
922 2305 959 2340 C.
987 2305 1218 2348 hyalolepis
1245 2307 1332 2337 Bois.

369 2369 398 2398 5.
426 2367 543 2399 Sectio.
584 2364 759 2397 Seridzsseae
785 2365 854 2396 DC.
880 2365 902 2396 1.
928 2375 955 2397 e.
982 2375 1015 2404 p.
1044 2365 1119 2395 598.
1147 2381 1189 2386 --
1215 2364 1399 2404 Appendix
1424 2363 1620 2404 phyllorum
1646 2363 1813 2395 involucri
1839 2374 1907 2394 cor-

252 2424 331 2453 nea,
367 2413 495 2454 pallida
520 2413 574 2443 vel
601 2412 809 2451 nigrescens,
845 2421 911 2441 non
938 2411 1134 2448 decurrens,
1171 2410 1485 2450 palmato-spinosa,
1521 2409 1641 2450 phylla
1674 2419 1741 2440 non
1775 2413 1888 2450 tegens
1899 2421 1906 2446 ;

252 2460 390 2491 achenia
414 2459 527 2489 omnia
551 2463 608 2488 aut
633 2458 750 2488 saltem
777 2457 858 2487 disci
883 2467 1044 2497 papposa,
1070 2456 1140 2486 hilo
1165 2456 1265 2488 nudo.
1294 2474 1336 2478 ——
1363 2456 1505 2487 Annuae
1530 2455 1585 2487 vel
1610 2465 1783 2495 perennes,
1818 2456 1906 2496 capi-

253 2506 335 2536 tulis
360 2505 593 2542 mediocribus,
620 2503 765 2534 flosculis
790 2503 970 2543 purpureis
997 2502 1051 2532 vel
1077 2502 1183 2533 flavis.

392 2567 421 2589 a.
447 2555 597 2586 Floseuli
622 2555 796 2595 purpurei.

462 2619 496 2639 α.
522 2607 618 2637 Folia
642 2606 775 2637 caulina
799 2606 872 2636 basi
897 2605 1373 2645 auriculato-amplexicaulia,
1399 2615 1467 2635 11011
1493 2604 1715 2637 decurrent-ia.

797 2662 860 2697 68.
887 2662 926 2696 C.
953 2660 1307 2705 sphaerocephala
1333 2663 1370 2693 L.

464 2724 495 2762 β,
525 2721 618 2751 Folia
642 2721 775 2751 caulina
801 2721 1023 2751 decurrentia.

613 2777 675 2811 69.
703 2776 743 2811 C.
771 2775 1016 2810 sonchifolia
1042 2777 1078 2808 L.
1133 2775 1194 2809 70.
1221 2774 1262 2809 C.
1290 2773 1492 2818 napifolia
1517 2776 1556 2807 L.

394 2837 425 2868 b.
452 2835 600 2866 Flosculi
626 2835 720 2865 lutei.

872 2891 933 2925 71.
961 2890 1002 2925 C.
1027 2883 1241 2925 'lancifolia
1266 2891 1302 2922 L.
