1976 3246
196 174 268 211 372
876 174 1168 206 Scrofulariaceac.

428 295 491 324 ><><
520 290 653 320 Semina
680 289 872 328 majuscula,
900 289 1304 328 lenticulari-compressa.

753 346 812 379 15.
839 344 1185 388 Alectorolophus
1210 346 1304 376 Hall.

404 408 433 444 β.
462 404 568 444 Calyx
596 404 819 443 inaequaliter
845 404 964 434 5fidus
990 404 1043 434 vel
1070 404 1262 435 bilabiatus.

473 461 502 490 ><
531 456 638 495 Calyx
665 455 936 486 bibractcolatuS.

751 512 809 547 16.
837 510 1159 555 Siphonostegia.
1185 512 1304 543 Benth.

438 578 502 606 ><><
530 572 638 611 Calyx
666 571 883 603 ebracteatus.

542 622 586 665 O
612 623 719 662 Calyx
746 622 935 660 tubulosus,
962 632 1059 662 saepe
1087 622 1232 653 inflatus,

822 678 881 713 17.
912 677 1166 711 Pedieularis
1191 679 1227 710 L.

494 736 584 780 [W]
609 738 717 778 Calyx
743 748 761 768 a
786 737 890 768 latere
916 747 1134 776 compressus

824 794 882 828 18.
909 792 1175 827 Rhinanthus
1200 794 1237 825 L.

335 855 366 886 b.
393 854 508 885 Ovarii
534 854 637 884 loculi
666 853 841 884 biovulati.

802 908 861 943 19.
888 907 1189 951 Melampyrum
1216 909 1251 939 L.

334 1048 367 1083 1.
399 1043 551 1082 Tribus.
599 1041 970 1083 VERBASCEAE
1003 1042 1146 1081 Benth.
1179 1043 1218 1079 in
1250 1042 1336 1080 DC.
1369 1056 1425 1093 pr.
1457 1042 1511 1082 X.
1544 1055 1580 1093 p.
1616 1044 1708 1080 224.

622 1135 660 1173 1.
695 1134 1029 1173 Verbascum
1062 1134 1108 1172 L.
1140 1148 1227 1184 gen.
1258 1148 1294 1171 n.
1330 1137 1422 1173 245.

774 1224 999 1269 Dispositio
1026 1224 1275 1268 specierum:

331 1285 373 1320 A,
400 1285 534 1316 Herbae
559 1285 714 1316 inermes.

312 1356 341 1386 1.
369 1353 486 1384 Sectio.
533 1351 690 1394 Thapsus
725 1353 831 1384 Rchb.
864 1352 897 1384 fl.
932 1361 1034 1391 germ,
1071 1362 1104 1391 p.
1139 1351 1216 1382 383.
1258 1369 1290 1372 —
1332 1351 1448 1381 Flores
1485 1350 1670 1381 fasciculati
1697 1351 1751 1382 vel
1785 1351 1853 1390 glo-

193 1400 331 1439 merati;
358 1400 538 1430 staminum
565 1399 752 1439 longiorum
782 1397 815 1439 (2
842 1397 1054 1438 inferiorum)
1081 1397 1240 1428 antherae
1266 1397 1629 1427 adflato-decurrentes.

331 1462 360 1484 a.
388 1452 653 1482 Filanientorum
680 1451 755 1481 lana
781 1450 895 1481 albida
922 1449 975 1480 vel
1000 1449 1176 1480 lutescens.

402 1515 435 1536 α.
462 1503 596 1534 Corolla
621 1513 776 1534 concava.

842 1547 874 1581 1.
900 1545 945 1581 V.
974 1545 1150 1588 thapsus
1176 1547 1212 1578 L.

403 1611 434 1648 β.
462 1607 597 1638 Corolla
622 1607 759 1637 omnino
785 1605 975 1646 explanata.

472 1665 502 1693 ><
530 1659 670 1689 Plantae
696 1661 844 1688 tomento
869 1658 983 1695 denso,
1011 1656 1088 1687 albo
1115 1656 1169 1687 vel
1194 1655 1370 1686 lutescenti
1397 1655 1546 1686 vestitae.

542 1710 583 1749 O
611 1710 709 1740 Folia
733 1709 866 1740 caulina
892 1719 911 1739 a
936 1709 1018 1739 folio
1044 1708 1085 1739 ad
1110 1708 1229 1738 folium
1254 1708 1322 1738 late
1347 1706 1570 1739 decurrentia.

455 1768 489 1802 2.
516 1766 561 1802 V.
589 1766 856 1801 donsiflorum
882 1767 972 1797 Bert.
1116 1764 1150 1799 3.
1179 1763 1222 1799 V.
1250 1772 1482 1798 maerin-um
1509 1764 1590 1796 Ten.

496 1825 582 1866 OQ
610 1825 707 1855 Folia.
732 1825 865 1855 caulina
890 1834 956 1854 non
983 1824 1024 1854 ad
1051 1823 1170 1854 solium
1197 1823 1393 1863 proximum
1419 1832 1526 1862 usque
1551 1822 1771 1853 decurrentia.

612 1903 618 1909 .
647 1877 763 1907 Flores
788 1876 986 1906 brevissime
1012 1874 1216 1915 pedicellati.

409 1934 445 1969 4.
473 1933 518 1968 V.
545 1932 801 1977 phlornoides
826 1933 862 1964 L.
1004 1929 1036 1966 5.
1065 1931 1109 1966 V.
1138 1929 1320 1965 Sartorii
1346 1931 1435 1962 Bois.
1462 1934 1495 1960 et
1519 1930 1638 1962 Heldr.

588 2016 618 2023 ..
645 1991 762 2022 Flores
794 1990 1003 2030 longiuscule
1037 1989 1238 2030 pedicellati,
1276 1988 1451 2029 pedicellis
1482 1998 1604 2028 nempe
1638 1988 1712 2018 aliis
1748 1987 1855 2027 calyci

646 2038 866 2077 aequilongis‚
893 2036 968 2067 aliis
993 2046 1030 2066 eo
1057 2035 1211 2075 2—31210
1236 2034 1458 2074 longioribus·

778 2093 813 2128 6.
840 2092 885 2128 V.
911 2091 1172 2135 longifolium
1199 2093 1279 2124 Ten.

438 2158 503 2188 ><><
530 2153 652 2184 Planta
693 2153 890 2183 indumento
929 2151 1024 2181 tenui
1066 2150 1279 2181 subdetersili
1311 2149 1469 2188 obsitum,
1507 2149 1853 2186 viridi-cinerascens;

531 2200 629 2230 fiores
654 2198 857 2239 pedicellati,
884 2197 1060 2238 pedicellis
1086 2196 1197 2236 calyce
1224 2195 1507 2235 subaequilongis.

673 2255 705 2290 ’7.
732 2254 777 2289 V.
805 2251 1059 2288 Guiceiardii
1086 2253 1174 2284 Bois.
1201 2256 1233 2283 et
1258 2252 1378 2284 Heldr.

333 2315 366 2348 b.
393 2315 661 2346 Filamentorum
686 2314 766 2344 lana.
790 2322 963 2353 purpurea
987 2311 1041 2343 vel
1067 2311 1227 2342 violacea.

404 2379 437 2400 α.
464 2367 580 2397 Flores
606 2365 800 2396 subsessiles
826 2365 881 2396 vel
907 2363 1082 2404 pedicellis
1107 2362 1219 2402 calyce
1245 2361 1456 2393 brevioribus
1481 2361 1622 2396 suffulti.

473 2424 503 2453 ><
531 2418 645 2449 Caulis
672 2417 789 2456 elatus,
816 2426 977 2447 ramosus.

245 2476 281 2510 8.
307 2474 354 2511 V.
378 2473 717 2509 malacotrichum
742 2475 831 2506 Bois.
857 2477 890 2505 et
914 2473 1033 2504 Heldr.
1153 2470 1188 2505 9.
1217 2469 1260 2505 V.
1286 2468 1488 2504 foetidum
1514 2471 1602 2502 Bois.
1629 2473 1661 2501 et
1685 2470 1806 2503 Heldr.

441 2538 506 2568 ><><
533 2533 647 2564 Caulis
671 2532 828 2572 simplex.

633 2589 691 2624 10.
719 2588 763 2623 V.
792 2585 1107 2631 epixanthinum
1135 2586 1225 2617 Bois.
1250 2588 1283 2616 et
1309 2585 1428 2617 Heldr.

406 2652 437 2689 β.
463 2649 580 2679 Flores
606 2647 810 2688 pedicellati‚
836 2646 1012 2687 pedicellis
1038 2644 1150 2684 calyce
1174 2643 1384 2682 aequilongis
1407 2642 1465 2674 vel
1489 2641 1704 2681 longioribus.
1754 2635 1757 2637 ⁵

474 2705 504 2735 ><
531 2700 628 2731 Folia
654 2699 813 2730 radicalia
838 2703 870 2729 et
894 2698 1029 2729 caulina
1053 2696 1213 2727 inferiora
1236 2694 1269 2724 in
1297 2695 1460 2735 petiolum
1486 2695 1668 2726 attenuata.

544 2751 584 2792 O
612 2751 729 2782 Flores
760 2751 794 2781 in
830 2760 998 2780 racemum
1030 2747 1217 2788 simplicem
1244 2747 1298 2777 vel
1329 2746 1399 2777 basi
1430 2755 1530 2786 parce
1554 2745 1770 2785 breviterque
1804 2754 1852 2775 ra-

612 2797 777 2827 mulosum
803 2796 967 2836 dispositi.

614 2873 621 2880 .
648 2849 765 2879 Flores
791 2857 905 2878 onmes
930 2847 1128 2878 fasciculati.

337 2905 399 2942 11.
426 2905 472 2941 V.
497 2905 740 2949 taygeteum
766 2905 846 2937 Hal.
992 2902 1051 2938 12.
1078 2902 1122 2938 V.
1149 2900 1396 2945 pindieolum
1422 2900 1546 2940 Freyn.
1572 2902 1604 2930 et
1630 2899 1713 2931 Sint.

793 2950 851 2985 13.
880 2948 924 2984 V.
951 2948 1158 2993 epit-otum
1183 2948 1262 2979 Hal.
